@misc{VisionZero,
 author = "NYC",
 title  = "Vision Zero",
 howpublished = "Online",
 year = "2019",
 note = "https://www1.nyc.gov/site/visionzero/index.page, last access November 2019"
}

@article{ManneringUnobserved,
 author = "Mannering, Fred L. and Shankar, Venky and Bhat, Chandra R",
 issn = "22136657",
 journal = "Analytic Methods in Accident Research",
 title = "Unobserved heterogeneity and the statistical analysis of highway accident data",
 volume = "11",
 year = "2016",
}

@article{chong2004traffic,
	title="Traffic Accident Analysis Using Decision Trees and Neural Networks",
	author="Miao M. Chong and Ajith Abraham and Marcin Paprzycki",
	year="2004",
	eprint="cs/0405050",
	archivePrefix="arXiv",
	primaryClass="cs.AI"
}

@article{Bedard,
	Author = "Bedard, Michel and Guyatt, Gordon H. and Stones, Michael J. and Hirdes, John P",
	ISSN = "00014575",
	Journal = "Accident Analysis & Prevention",
	Number = "6",
	Pages = "717",
	Title = "The independent contribution of driver, crash, and vehicle characteristics to driver fatalities",
	Volume = "34",
	Year = "2002"
}

@article{SingletonFactors,
author = "Michael Singleton and Huifang Qin and  Jingyu Luan",
	title = "Factors Associated with Higher Levels of Injury Severity in Occupants of Motor Vehicles That Were Severely Damaged in Traffic Crashes in Kentucky, 2000-2001",
	journal = "Traffic Injury Prevention",
	volume = "5",
	number = "2",
	pages = "144-150",
	year  = "2004",
	publisher = "Taylor & Francis",
	doi = "10.1080/15389580490435169"
}

@article{associationHanrahan,
	Author = "Hanrahan, Robert B and Layde, Peter M and Zhu, Shankuan and Guse, Clare E and Hargarten, Stephen W",
	ISSN = "1538-957X",
	Journal = "Traffic Injury Prevention",
	Number = "4",
	Pages = "361 - 367",
	Title = "The association of driver age with traffic injury severity in Wisconsin.",
	Volume = "10",
	Year = "2009"
}



%References:
